%Set bibliography here
@misc{SERVO_WEB,
title={how-servo-motors-work},
author={Dejan},
year={2022},
note={\\\url{https://howtomechatronics.com/how-it-works/how-servo-motors-work-how-to-control-servos-using-arduino/}},
publisher={}
}
